[gd_scene load_steps=14 format=3 uid="uid://cdfmo7bsa1qn1"]

[ext_resource type="Script" path="res://scripts/creature/creature.gd" id="1_ja5he"]
[ext_resource type="Resource" uid="uid://c1ajfmo7t7j0w" path="res://resources/actions/attack.tres" id="2_3dl2c"]
[ext_resource type="Script" path="res://scripts/creature/AI/creature_ai.gd" id="2_m6swa"]
[ext_resource type="Resource" uid="uid://cn1ouh0marjqh" path="res://resources/actions/move.tres" id="3_r75cg"]
[ext_resource type="Script" path="res://scripts/creature/AI/picking_target_state.gd" id="3_wlw4u"]
[ext_resource type="Script" path="res://scripts/creature/AI/roaming_ai_state.gd" id="4_1wqfv"]
[ext_resource type="Resource" uid="uid://blxm2e0tr0hhm" path="res://resources/items/weapons/hatchet.tres" id="4_34kmt"]
[ext_resource type="Script" path="res://scripts/creature/AI/pick_action_state.gd" id="5_ixw0m"]
[ext_resource type="Script" path="res://scripts/creature/AI/act_state.gd" id="6_xay2k"]
[ext_resource type="Script" path="res://scripts/creature/AI/walk_to_range_state.gd" id="7_lyc2c"]
[ext_resource type="Script" path="res://scripts/creature/creature_battle_statistics.gd" id="8_3adi8"]
[ext_resource type="Script" path="res://scripts/creature/creature_battle_resources.gd" id="9_iw6x4"]
[ext_resource type="Script" path="res://scripts/creature/species/species.gd" id="10_h8kie"]

[node name="Creature" type="Node2D" node_paths=PackedStringArray("statistics", "battle_resources", "conditions", "species", "game_classes") groups=["hittables"]]
script = ExtResource("1_ja5he")
basic_actions = Array[Resource("res://scripts/action/resources/creature_action_design.gd")]([ExtResource("2_3dl2c"), ExtResource("3_r75cg")])
weapon = ExtResource("4_34kmt")
statistics = NodePath("CreatureBattleStatistics")
battle_resources = NodePath("CreatureBattleResources")
conditions = NodePath("Conditions")
species = NodePath("Species")
game_classes = NodePath("GameClasses")

[node name="Actions" type="Node" parent="."]

[node name="Conditions" type="Node" parent="."]

[node name="AI" type="Node" parent="." node_paths=PackedStringArray("creature", "start_state")]
script = ExtResource("2_m6swa")
creature = NodePath("..")
start_state = NodePath("PickingTargetState")

[node name="PickingTargetState" type="Node" parent="AI" node_paths=PackedStringArray("roaming_state", "acting_state", "creature")]
script = ExtResource("3_wlw4u")
roaming_state = NodePath("../RoamingAIState")
acting_state = NodePath("../PickActionState")
creature = NodePath("../..")

[node name="RoamingAIState" type="Node" parent="AI" node_paths=PackedStringArray("picking_target_state", "creature")]
script = ExtResource("4_1wqfv")
picking_target_state = NodePath("../PickingTargetState")
creature = NodePath("../..")

[node name="PickActionState" type="Node" parent="AI" node_paths=PackedStringArray("walk_to_range_state", "act_state", "creature")]
script = ExtResource("5_ixw0m")
walk_to_range_state = NodePath("../WalkToRangeState")
act_state = NodePath("../ActState")
creature = NodePath("../..")

[node name="ActState" type="Node" parent="AI" node_paths=PackedStringArray("picking_target_state", "creature")]
script = ExtResource("6_xay2k")
picking_target_state = NodePath("../PickingTargetState")
creature = NodePath("../..")

[node name="WalkToRangeState" type="Node" parent="AI" node_paths=PackedStringArray("pick_action_state", "picking_target_state", "creature")]
script = ExtResource("7_lyc2c")
pick_action_state = NodePath("../PickActionState")
picking_target_state = NodePath("../PickingTargetState")
creature = NodePath("../..")

[node name="CreatureBattleStatistics" type="Node" parent="."]
script = ExtResource("8_3adi8")
_base_strength = 10
_base_dexterity = 10
_base_constitution = 10
_base_inteligence = 10
_base_wisdom = 10
_base_charisma = 10

[node name="CreatureBattleResources" type="Node" parent="."]
script = ExtResource("9_iw6x4")
start_actions = 1
start_reactions = 1
start_bonus_action = 1

[node name="Species" type="Node" parent="." node_paths=PackedStringArray("creature")]
script = ExtResource("10_h8kie")
creature = NodePath("..")

[node name="GameClasses" type="Node" parent="."]
