[gd_scene load_steps=15 format=3 uid="uid://bb2esulh5ann1"]

[ext_resource type="Script" path="res://scripts/game_state.gd" id="1_k72j5"]
[ext_resource type="PackedScene" uid="uid://cdfmo7bsa1qn1" path="res://scenes/creature.tscn" id="2_7a3us"]
[ext_resource type="Texture2D" uid="uid://d10dlaw148nlm" path="res://assets/Species/DwarfIcon.png" id="3_nppua"]
[ext_resource type="Resource" uid="uid://c1ajfmo7t7j0w" path="res://resources/actions/attack.tres" id="4_ff73e"]
[ext_resource type="Resource" uid="uid://ovewdnl2eam1" path="res://resources/items/weapons/spear.tres" id="4_i7sq0"]
[ext_resource type="Resource" uid="uid://cn1ouh0marjqh" path="res://resources/actions/move.tres" id="5_5egvr"]
[ext_resource type="Resource" uid="uid://cvoaw5epxloy0" path="res://resources/items/armors/chainmail.tres" id="5_xu5kw"]
[ext_resource type="Resource" uid="uid://7rvqtp4iguwk" path="res://resources/creature/game_classes/Fighter_LVL_1.tres" id="6_32si5"]
[ext_resource type="Texture2D" uid="uid://dn1ljd6vfa71d" path="res://assets/UI/GameClass/Wizard.png" id="7_yxpmh"]
[ext_resource type="Resource" uid="uid://05xqd1jkw26w" path="res://resources/creature/game_classes/Wizard_LVL_1.tres" id="8_a38o8"]
[ext_resource type="Texture2D" uid="uid://c2jey3pxbxa0a" path="res://assets/assets_packs/craft-pix-free-warrior/Warrior_2/Idle_Custom_Icon.png" id="9_e7lat"]
[ext_resource type="Texture2D" uid="uid://jg0daij0s2io" path="res://assets/Species/Goblin.png" id="10_ga1r3"]
[ext_resource type="Script" path="res://scripts/TeamConfig.gd" id="11_eqvhn"]

[sub_resource type="GDScript" id="GDScript_830c4"]
script/source = "@tool
extends Node2D
@onready var game_state = $GameState
@onready var save = $save
@onready var load = $load

@onready var dwarf = $GameState/Creatures/Dwarf

func _ready():
	save.pressed.connect(handle_save_button)
	load.pressed.connect(handle_load_button)
func handle_save_button():
	var file_dialog =FileDialog.new()
	file_dialog.add_filter(\"*.save\")
	file_dialog.access = FileDialog.ACCESS_RESOURCES
	file_dialog.file_mode = FileDialog.FILE_MODE_SAVE_FILE
	file_dialog.min_size = Vector2(280,280)
	add_child(file_dialog)
	file_dialog.popup_centered()
	var file =await file_dialog.file_selected
	GameElementSaver.save(file,game_state)
func handle_load_button():
	var file_dialog =FileDialog.new()
	file_dialog.add_filter(\"*.save\")
	file_dialog.access = FileDialog.ACCESS_RESOURCES
	file_dialog.file_mode = FileDialog.FILE_MODE_OPEN_FILE
	file_dialog.min_size = Vector2(280,280)
	add_child(file_dialog)
	file_dialog.popup_centered()
	var file =await file_dialog.file_selected
	remove_child(game_state)
	game_state.queue_free()
	game_state = GameElementSaver.load(file)
	add_child(game_state)
"

[node name="SaveEditor" type="Node2D"]
script = SubResource("GDScript_830c4")

[node name="GameState" type="Node" parent="."]
script = ExtResource("1_k72j5")

[node name="Creatures" type="Node" parent="GameState"]

[node name="Dwarf" parent="GameState/Creatures" instance=ExtResource("2_7a3us")]
unique_id = "Creature:Dwarf:1"
icon = ExtResource("3_nppua")
game_name = "Dwarf"
basic_actions = Array[Resource("res://scripts/action/resources/creature_action_design.gd")]([ExtResource("4_ff73e"), ExtResource("5_5egvr")])
max_health = 13
health = 5
hex_coord = Vector2(1, 4)
attack_range = 2
weapon = ExtResource("4_i7sq0")
armor = ExtResource("5_xu5kw")
class_levels = Array[Resource("res://scripts/creature/game_classes/game_class_level_design.gd")]([ExtResource("6_32si5")])
range_of_sight = 5
STR = 19
DEX = 14
CON = 17
INT = 9
WIS = 12
CHA = 14
start_actions = 1
start_reactions = 1
start_mouvements = 1.0
start_bonus_action = 1

[node name="Wizard" parent="GameState/Creatures" instance=ExtResource("2_7a3us")]
unique_id = "Creature:Wizard:1"
icon = ExtResource("7_yxpmh")
game_name = "Wizard"
basic_actions = Array[Resource("res://scripts/action/resources/creature_action_design.gd")]([ExtResource("4_ff73e"), ExtResource("5_5egvr")])
max_health = 9
health = 9
hex_coord = Vector2(2, 4)
attack_range = 2
weapon = ExtResource("4_i7sq0")
class_levels = Array[Resource("res://scripts/creature/game_classes/game_class_level_design.gd")]([ExtResource("8_a38o8")])
range_of_sight = 5
STR = 5
DEX = 10
CON = 10
INT = 16
WIS = 15
CHA = 14
start_actions = 1
start_reactions = 1
start_mouvements = 2.0
start_bonus_action = 1

[node name="Fighter" parent="GameState/Creatures" instance=ExtResource("2_7a3us")]
unique_id = "Creature:Fighter:1"
icon = ExtResource("9_e7lat")
game_name = "Fighter"
basic_actions = Array[Resource("res://scripts/action/resources/creature_action_design.gd")]([ExtResource("4_ff73e"), ExtResource("5_5egvr")])
max_health = 12
health = 12
hex_coord = Vector2(0, 4)
attack_range = 2
weapon = ExtResource("4_i7sq0")
class_levels = Array[Resource("res://scripts/creature/game_classes/game_class_level_design.gd")]([ExtResource("6_32si5")])
range_of_sight = 6
STR = 15
DEX = 13
CON = 14
INT = 8
WIS = 12
CHA = 9
start_actions = 1
start_reactions = 1
start_mouvements = 2.0
start_bonus_action = 1

[node name="Goblin" parent="GameState/Creatures" instance=ExtResource("2_7a3us")]
unique_id = "Creature:Goblin:1"
icon = ExtResource("10_ga1r3")
game_name = "Goblin"
basic_actions = Array[Resource("res://scripts/action/resources/creature_action_design.gd")]([ExtResource("4_ff73e"), ExtResource("5_5egvr")])
max_health = 7
health = 7
hex_coord = Vector2(2, 1)
attack_range = 2
weapon = ExtResource("4_i7sq0")
range_of_sight = 12
is_ai = true
STR = 8
DEX = 14
CON = 10
INT = 10
WIS = 8
CHA = 8
start_actions = 1
start_reactions = 1
start_mouvements = 2.0
start_bonus_action = 1

[node name="Gobldeux" parent="GameState/Creatures" instance=ExtResource("2_7a3us")]
unique_id = "Creature:Goblin:2"
icon = ExtResource("10_ga1r3")
game_name = "Goblin2"
basic_actions = Array[Resource("res://scripts/action/resources/creature_action_design.gd")]([ExtResource("4_ff73e"), ExtResource("5_5egvr")])
max_health = 7
health = 7
hex_coord = Vector2(1, 1)
attack_range = 2
weapon = ExtResource("4_i7sq0")
range_of_sight = 12
is_ai = true
STR = 8
DEX = 14
CON = 10
INT = 10
WIS = 8
CHA = 8
start_actions = 1
start_reactions = 1
start_mouvements = 2.0
start_bonus_action = 1

[node name="Gobltrois" parent="GameState/Creatures" instance=ExtResource("2_7a3us")]
unique_id = "Creature:Goblin:3"
icon = ExtResource("10_ga1r3")
game_name = "Goblin3"
basic_actions = Array[Resource("res://scripts/action/resources/creature_action_design.gd")]([ExtResource("4_ff73e"), ExtResource("5_5egvr")])
max_health = 7
health = 7
hex_coord = Vector2(3, 1)
attack_range = 2
weapon = ExtResource("4_i7sq0")
range_of_sight = 12
is_ai = true
STR = 8
DEX = 14
CON = 10
INT = 10
WIS = 8
CHA = 8
start_actions = 1
start_reactions = 1
start_mouvements = 2.0
start_bonus_action = 1

[node name="Teams" type="Node" parent="GameState"]

[node name="TeamA" type="Node" parent="GameState/Teams" node_paths=PackedStringArray("members")]
script = ExtResource("11_eqvhn")
team_name = "TeamA"
team_allies = Array[String](["TeamB"])
team_hostiles = Array[String](["Enemies"])
team_size = 2
members = [NodePath("../../Creatures/Dwarf"), NodePath("../../Creatures/Wizard")]

[node name="TeamB" type="Node" parent="GameState/Teams" node_paths=PackedStringArray("members")]
script = ExtResource("11_eqvhn")
team_name = "TeamB"
team_allies = Array[String](["TeamA"])
team_hostiles = Array[String](["Enemies"])
team_size = 1
members = [NodePath("../../Creatures/Fighter")]

[node name="Enemies" type="Node" parent="GameState/Teams" node_paths=PackedStringArray("members")]
script = ExtResource("11_eqvhn")
team_name = "Enemies"
team_allies = null
team_hostiles = Array[String](["TeamA", "TeamB"])
team_size = 1
members = [NodePath("../../Creatures/Goblin"), NodePath("../../Creatures/Gobldeux"), NodePath("../../Creatures/Gobltrois")]

[node name="save" type="Button" parent="."]
offset_right = 20.0
offset_bottom = 15.0
text = "Save"

[node name="load" type="Button" parent="."]
offset_right = 20.0
offset_bottom = 15.0
text = "Load"
