[gd_scene load_steps=12 format=3 uid="uid://c3evjmxllhgcr"]

[ext_resource type="Script" path="res://scripts/game_state.gd" id="1_kiy7e"]
[ext_resource type="PackedScene" uid="uid://cdfmo7bsa1qn1" path="res://scenes/creature.tscn" id="2_1m1m2"]
[ext_resource type="Texture2D" uid="uid://d10dlaw148nlm" path="res://assets/Species/DwarfIcon.png" id="3_5c6mh"]
[ext_resource type="Resource" uid="uid://ovewdnl2eam1" path="res://resources/items/weapons/spear.tres" id="4_6usl5"]
[ext_resource type="Resource" uid="uid://cvoaw5epxloy0" path="res://resources/items/armors/chainmail.tres" id="5_dhvwm"]
[ext_resource type="Resource" uid="uid://7rvqtp4iguwk" path="res://resources/creature/game_classes/Fighter_LVL_1.tres" id="6_pgybj"]
[ext_resource type="Texture2D" uid="uid://dn1ljd6vfa71d" path="res://assets/UI/GameClass/Wizard.png" id="7_fpmlk"]
[ext_resource type="Resource" uid="uid://05xqd1jkw26w" path="res://resources/creature/game_classes/Wizard_LVL_1.tres" id="8_4f6gw"]
[ext_resource type="Texture2D" uid="uid://c2jey3pxbxa0a" path="res://assets/assets_packs/craft-pix-free-warrior/Warrior_2/Idle_Custom_Icon.png" id="9_aq8rh"]
[ext_resource type="Texture2D" uid="uid://jg0daij0s2io" path="res://assets/Species/Goblin.png" id="10_8aawe"]
[ext_resource type="Script" path="res://scripts/TeamConfig.gd" id="11_0avyr"]

[node name="GameState" type="Node"]
script = ExtResource("1_kiy7e")

[node name="Creatures" type="Node" parent="."]

[node name="Creature" parent="Creatures" instance=ExtResource("2_1m1m2")]
unique_id = "Creature:Dwarf:1"
icon = ExtResource("3_5c6mh")
game_name = "Dwarf"
basic_actions = null
max_health = 13
health = 5
hex_coord = Vector2(1, 4)
attack_range = 2
weapon = ExtResource("4_6usl5")
armor = ExtResource("5_dhvwm")
inventory = null
class_levels = Array[Resource("res://scripts/creature/game_classes/game_class_level_design.gd")]([ExtResource("6_pgybj")])
range_of_sight = 5
is_ai = null
STR = null
DEX = null
CON = null
INT = null
WIS = null
CHA = null
start_actions = null
start_reactions = null
start_mouvements = null
start_bonus_action = null

[node name="_Node2D_8" parent="Creatures" instance=ExtResource("2_1m1m2")]
unique_id = "Creature:Wizard:1"
icon = ExtResource("7_fpmlk")
game_name = "Wizard"
basic_actions = null
max_health = 9
health = 9
hex_coord = Vector2(2, 4)
attack_range = 2
weapon = ExtResource("4_6usl5")
inventory = null
class_levels = Array[Resource("res://scripts/creature/game_classes/game_class_level_design.gd")]([ExtResource("8_4f6gw")])
range_of_sight = 5
is_ai = null
STR = null
DEX = null
CON = null
INT = null
WIS = null
CHA = null
start_actions = null
start_reactions = null
start_mouvements = null
start_bonus_action = null

[node name="_Node2D_9" parent="Creatures" instance=ExtResource("2_1m1m2")]
unique_id = "Creature:Fighter:1"
icon = ExtResource("9_aq8rh")
game_name = "Fighter"
basic_actions = null
max_health = 12
health = 12
hex_coord = Vector2(0, 4)
attack_range = 2
weapon = ExtResource("4_6usl5")
inventory = null
class_levels = Array[Resource("res://scripts/creature/game_classes/game_class_level_design.gd")]([ExtResource("6_pgybj")])
range_of_sight = 6
is_ai = null
STR = null
DEX = null
CON = null
INT = null
WIS = null
CHA = null
start_actions = null
start_reactions = null
start_mouvements = null
start_bonus_action = null

[node name="_Node2D_10" parent="Creatures" instance=ExtResource("2_1m1m2")]
unique_id = "Creature:Goblin:1"
icon = ExtResource("10_8aawe")
game_name = "Goblin"
basic_actions = null
max_health = 7
health = 7
hex_coord = Vector2(2, 1)
attack_range = 2
weapon = ExtResource("4_6usl5")
inventory = null
class_levels = null
range_of_sight = 12
is_ai = true
STR = null
DEX = null
CON = null
INT = null
WIS = null
CHA = null
start_actions = null
start_reactions = null
start_mouvements = null
start_bonus_action = null

[node name="_Node2D_11" parent="Creatures" instance=ExtResource("2_1m1m2")]
unique_id = "Creature:Goblin:2"
icon = ExtResource("10_8aawe")
game_name = "Goblin2"
basic_actions = null
max_health = 7
health = 7
hex_coord = Vector2(1, 1)
attack_range = 2
weapon = ExtResource("4_6usl5")
inventory = null
class_levels = null
range_of_sight = 12
is_ai = true
STR = null
DEX = null
CON = null
INT = null
WIS = null
CHA = null
start_actions = null
start_reactions = null
start_mouvements = null
start_bonus_action = null

[node name="_Node2D_12" parent="Creatures" instance=ExtResource("2_1m1m2")]
unique_id = "Creature:Goblin:3"
icon = ExtResource("10_8aawe")
game_name = "Goblin3"
basic_actions = null
max_health = 7
health = 7
hex_coord = Vector2(3, 1)
attack_range = 2
weapon = ExtResource("4_6usl5")
inventory = null
class_levels = null
range_of_sight = 12
is_ai = true
STR = null
DEX = null
CON = null
INT = null
WIS = null
CHA = null
start_actions = null
start_reactions = null
start_mouvements = null
start_bonus_action = null

[node name="Teams" type="Node" parent="."]

[node name="_Node_13" type="Node" parent="Teams" node_paths=PackedStringArray("members")]
script = ExtResource("11_0avyr")
team_name = "TeamA"
team_allies = Array[String](["TeamB"])
team_hostiles = Array[String](["Enemies"])
team_size = 2
members = [null, null]

[node name="_Node_14" type="Node" parent="Teams" node_paths=PackedStringArray("members")]
script = ExtResource("11_0avyr")
team_name = "TeamB"
team_allies = Array[String](["TeamA"])
team_hostiles = Array[String](["Enemies"])
team_size = 1
members = [null]

[node name="_Node_15" type="Node" parent="Teams" node_paths=PackedStringArray("members")]
script = ExtResource("11_0avyr")
team_name = "Enemies"
team_allies = null
team_hostiles = Array[String](["TeamA", "TeamB"])
team_size = 1
members = [null, null, null]
