[gd_resource type="Resource" script_class="Dice" load_steps=32 format=3 uid="uid://cr6dpvbibao51"]

[ext_resource type="Script" path="res://scripts/roll/dice.gd" id="1_4isso"]
[ext_resource type="Texture2D" uid="uid://dbiahwptwmwvd" path="res://assets/UI/BlueDice12.png" id="1_mi6pn"]
[ext_resource type="Texture2D" uid="uid://b35434rt8xqjt" path="res://assets/UI/BlueDice12-Sheet.png" id="2_1tnda"]

[sub_resource type="AtlasTexture" id="AtlasTexture_3wyig"]
atlas = ExtResource("2_1tnda")
region = Rect2(0, 0, 128, 128)

[sub_resource type="AtlasTexture" id="AtlasTexture_ai4i3"]
atlas = ExtResource("2_1tnda")
region = Rect2(128, 0, 128, 128)

[sub_resource type="AtlasTexture" id="AtlasTexture_2f7wp"]
atlas = ExtResource("2_1tnda")
region = Rect2(256, 0, 128, 128)

[sub_resource type="AtlasTexture" id="AtlasTexture_mq2jv"]
atlas = ExtResource("2_1tnda")
region = Rect2(384, 0, 128, 128)

[sub_resource type="AtlasTexture" id="AtlasTexture_s8lv2"]
atlas = ExtResource("2_1tnda")
region = Rect2(512, 0, 128, 128)

[sub_resource type="AtlasTexture" id="AtlasTexture_i12rf"]
atlas = ExtResource("2_1tnda")
region = Rect2(640, 0, 128, 128)

[sub_resource type="AtlasTexture" id="AtlasTexture_hee88"]
atlas = ExtResource("2_1tnda")
region = Rect2(768, 0, 128, 128)

[sub_resource type="AtlasTexture" id="AtlasTexture_ya5fa"]
atlas = ExtResource("2_1tnda")
region = Rect2(896, 0, 128, 128)

[sub_resource type="AtlasTexture" id="AtlasTexture_c01iy"]
atlas = ExtResource("2_1tnda")
region = Rect2(1024, 0, 128, 128)

[sub_resource type="AtlasTexture" id="AtlasTexture_yuc1v"]
atlas = ExtResource("2_1tnda")
region = Rect2(0, 0, 128, 128)

[sub_resource type="AtlasTexture" id="AtlasTexture_dlk0b"]
atlas = ExtResource("2_1tnda")
region = Rect2(128, 0, 128, 128)

[sub_resource type="AtlasTexture" id="AtlasTexture_1i0o1"]
atlas = ExtResource("2_1tnda")
region = Rect2(256, 0, 128, 128)

[sub_resource type="AtlasTexture" id="AtlasTexture_m0dwk"]
atlas = ExtResource("2_1tnda")
region = Rect2(384, 0, 128, 128)

[sub_resource type="AtlasTexture" id="AtlasTexture_1l20a"]
atlas = ExtResource("2_1tnda")
region = Rect2(512, 0, 128, 128)

[sub_resource type="AtlasTexture" id="AtlasTexture_3gqm6"]
atlas = ExtResource("2_1tnda")
region = Rect2(640, 0, 128, 128)

[sub_resource type="AtlasTexture" id="AtlasTexture_ymghl"]
atlas = ExtResource("2_1tnda")
region = Rect2(768, 0, 128, 128)

[sub_resource type="AtlasTexture" id="AtlasTexture_kq1wr"]
atlas = ExtResource("2_1tnda")
region = Rect2(896, 0, 128, 128)

[sub_resource type="AtlasTexture" id="AtlasTexture_n71f2"]
atlas = ExtResource("2_1tnda")
region = Rect2(1024, 0, 128, 128)

[sub_resource type="AtlasTexture" id="AtlasTexture_b31w1"]
atlas = ExtResource("2_1tnda")
region = Rect2(0, 0, 128, 128)

[sub_resource type="AtlasTexture" id="AtlasTexture_8qpky"]
atlas = ExtResource("2_1tnda")
region = Rect2(128, 0, 128, 128)

[sub_resource type="AtlasTexture" id="AtlasTexture_wken0"]
atlas = ExtResource("2_1tnda")
region = Rect2(256, 0, 128, 128)

[sub_resource type="AtlasTexture" id="AtlasTexture_cpblg"]
atlas = ExtResource("2_1tnda")
region = Rect2(384, 0, 128, 128)

[sub_resource type="AtlasTexture" id="AtlasTexture_2vshg"]
atlas = ExtResource("2_1tnda")
region = Rect2(512, 0, 128, 128)

[sub_resource type="AtlasTexture" id="AtlasTexture_1wogr"]
atlas = ExtResource("2_1tnda")
region = Rect2(640, 0, 128, 128)

[sub_resource type="AtlasTexture" id="AtlasTexture_0fjoq"]
atlas = ExtResource("2_1tnda")
region = Rect2(768, 0, 128, 128)

[sub_resource type="AtlasTexture" id="AtlasTexture_ig14f"]
atlas = ExtResource("2_1tnda")
region = Rect2(896, 0, 128, 128)

[sub_resource type="AtlasTexture" id="AtlasTexture_1suk4"]
atlas = ExtResource("2_1tnda")
region = Rect2(1024, 0, 128, 128)

[sub_resource type="SpriteFrames" id="SpriteFrames_s7ax7"]
animations = [{
"frames": [{
"duration": 1.0,
"texture": SubResource("AtlasTexture_3wyig")
}, {
"duration": 1.0,
"texture": SubResource("AtlasTexture_ai4i3")
}, {
"duration": 1.0,
"texture": SubResource("AtlasTexture_2f7wp")
}, {
"duration": 1.0,
"texture": SubResource("AtlasTexture_mq2jv")
}, {
"duration": 1.0,
"texture": SubResource("AtlasTexture_s8lv2")
}, {
"duration": 1.0,
"texture": SubResource("AtlasTexture_i12rf")
}, {
"duration": 1.0,
"texture": SubResource("AtlasTexture_hee88")
}, {
"duration": 1.0,
"texture": SubResource("AtlasTexture_ya5fa")
}, {
"duration": 1.0,
"texture": SubResource("AtlasTexture_c01iy")
}, {
"duration": 1.0,
"texture": SubResource("AtlasTexture_yuc1v")
}, {
"duration": 1.0,
"texture": SubResource("AtlasTexture_dlk0b")
}, {
"duration": 1.0,
"texture": SubResource("AtlasTexture_1i0o1")
}, {
"duration": 1.0,
"texture": SubResource("AtlasTexture_m0dwk")
}, {
"duration": 1.0,
"texture": SubResource("AtlasTexture_1l20a")
}, {
"duration": 1.0,
"texture": SubResource("AtlasTexture_3gqm6")
}, {
"duration": 1.0,
"texture": SubResource("AtlasTexture_ymghl")
}, {
"duration": 1.0,
"texture": SubResource("AtlasTexture_kq1wr")
}, {
"duration": 1.0,
"texture": SubResource("AtlasTexture_n71f2")
}, {
"duration": 1.0,
"texture": SubResource("AtlasTexture_b31w1")
}, {
"duration": 1.0,
"texture": SubResource("AtlasTexture_8qpky")
}, {
"duration": 1.0,
"texture": SubResource("AtlasTexture_wken0")
}, {
"duration": 1.0,
"texture": SubResource("AtlasTexture_cpblg")
}, {
"duration": 1.0,
"texture": SubResource("AtlasTexture_2vshg")
}, {
"duration": 1.0,
"texture": SubResource("AtlasTexture_1wogr")
}, {
"duration": 1.0,
"texture": SubResource("AtlasTexture_0fjoq")
}, {
"duration": 1.0,
"texture": SubResource("AtlasTexture_ig14f")
}, {
"duration": 1.0,
"texture": SubResource("AtlasTexture_1suk4")
}],
"loop": false,
"name": &"Roll",
"speed": 64.0
}]

[resource]
script = ExtResource("1_4isso")
unique_id = "Dice:D12"
icon = ExtResource("1_mi6pn")
roll_animation = SubResource("SpriteFrames_s7ax7")
name = "D12"
maximum = 12
minimum = 1
