[gd_resource type="Theme" load_steps=11 format=3 uid="uid://bh3q7l0mf21tl"]

[ext_resource type="StyleBox" uid="uid://c10rxgtrugpec" path="res://resources/Theme/ButtonBackground.tres" id="1_01ybo"]
[ext_resource type="FontFile" uid="uid://dxo57bsoufk0b" path="res://assets/Font/LuckiestGuy-Regular.ttf" id="1_4t6e0"]
[ext_resource type="StyleBox" uid="uid://cpttyw3dtfglv" path="res://resources/Theme/no_border_panel_style_box.tres" id="1_bnrhf"]
[ext_resource type="StyleBox" uid="uid://0grurmnlh4bp" path="res://resources/Theme/panel_style_box.tres" id="2_tmgvl"]

[sub_resource type="StyleBoxFlat" id="StyleBoxFlat_7lhy1"]
content_margin_left = 10.0
content_margin_top = 10.0
content_margin_right = 10.0
bg_color = Color(0.85098, 0.627451, 0.4, 1)
border_width_left = 5
border_width_top = 5
border_width_right = 5
border_width_bottom = 5
border_color = Color(0.560784, 0.337255, 0.231373, 1)
corner_radius_top_left = 5
corner_radius_top_right = 5
corner_radius_bottom_right = 5
corner_radius_bottom_left = 5
shadow_size = 8

[sub_resource type="StyleBoxFlat" id="StyleBoxFlat_crrcp"]
bg_color = Color(0.917647, 0.8, 0.678431, 1)
border_width_left = 5
border_width_top = 5
border_width_right = 5
border_width_bottom = 5
border_color = Color(0.560784, 0.337255, 0.231373, 1)
corner_radius_top_left = 10
corner_radius_top_right = 10
corner_radius_bottom_right = 10
corner_radius_bottom_left = 10
expand_margin_left = 5.0
expand_margin_top = 5.0
expand_margin_right = 5.0
expand_margin_bottom = 5.0

[sub_resource type="SystemFont" id="SystemFont_45r03"]
font_names = PackedStringArray("Noto Serif CJK JP")

[sub_resource type="StyleBoxFlat" id="StyleBoxFlat_xwqhg"]
content_margin_left = 5.0
content_margin_top = 4.0
content_margin_right = 5.0
content_margin_bottom = 5.0
bg_color = Color(0.85098, 0.627451, 0.4, 1)
border_width_left = 3
border_width_top = 3
border_width_right = 3
border_width_bottom = 3
border_color = Color(0.560784, 0.337255, 0.231373, 1)
corner_radius_top_left = 3
corner_radius_top_right = 3
corner_radius_bottom_right = 3
corner_radius_bottom_left = 3
shadow_size = 2

[sub_resource type="StyleBoxFlat" id="StyleBoxFlat_u5mn8"]
bg_color = Color(0.917647, 0.8, 0.678431, 1)
border_width_left = 2
border_width_top = 2
border_width_right = 2
border_width_bottom = 2
border_color = Color(0.560784, 0.337255, 0.231373, 1)
corner_radius_top_left = 2
corner_radius_top_right = 2
corner_radius_bottom_right = 2
corner_radius_bottom_left = 2
shadow_color = Color(1, 1, 0.647059, 0.6)
shadow_size = 4

[sub_resource type="StyleBoxFlat" id="StyleBoxFlat_go4qi"]
bg_color = Color(0.85098, 0.627451, 0.4, 1)
border_width_left = 5
border_width_top = 5
border_width_right = 5
border_width_bottom = 5
border_color = Color(0.560784, 0.337255, 0.231373, 1)

[resource]
default_font = ExtResource("1_4t6e0")
default_font_size = 16
BordelessContainer/base_type = &"PanelContainer"
BordelessContainer/styles/panel = ExtResource("1_bnrhf")
BorderlessPanel/base_type = &"Panel"
BorderlessPanel/styles/panel = ExtResource("1_bnrhf")
Button/styles/hover = SubResource("StyleBoxFlat_7lhy1")
Button/styles/normal = ExtResource("1_01ybo")
H3/base_type = &"Label"
H3/colors/font_color = Color(0.560784, 0.337255, 0.231373, 1)
H3/font_sizes/font_size = 32
H4/base_type = &"Label"
H4/colors/font_color = Color(0.560784, 0.337255, 0.231373, 1)
H4/font_sizes/font_size = 20
LightContainer/base_type = &"PanelContainer"
LightContainer/styles/panel = SubResource("StyleBoxFlat_crrcp")
Panel/styles/panel = ExtResource("2_tmgvl")
PanelContainer/styles/panel = ExtResource("2_tmgvl")
SpellLevel/base_type = &"Label"
SpellLevel/colors/font_outline_color = Color(0.188235, 0.188235, 0.188235, 1)
SpellLevel/constants/outline_size = 5
SpellLevel/font_sizes/font_size = 16
SpellLevel/fonts/font = SubResource("SystemFont_45r03")
StatisticsChipText/font_sizes/font_size = 16
SubHeader/base_type = &"Label"
SubHeader/font_sizes/font_size = 24
ToggleButton/base_type = &"Button"
ToggleButton/styles/normal = SubResource("StyleBoxFlat_xwqhg")
ToggleButton/styles/pressed = SubResource("StyleBoxFlat_u5mn8")
Tree/colors/font_color = Color(0.321569, 0.180392, 0.113725, 1)
Tree/styles/panel = SubResource("StyleBoxFlat_go4qi")
