[gd_resource type="SpriteFrames" load_steps=29 format=3 uid="uid://cjo73sb8v0a5i"]

[ext_resource type="Texture2D" uid="uid://bhrdtw7dhbx32" path="res://assets/UI/BlueDice10-Sheet.png" id="1_5aecw"]

[sub_resource type="AtlasTexture" id="AtlasTexture_1i0va"]
atlas = ExtResource("1_5aecw")
region = Rect2(0, 0, 128, 128)

[sub_resource type="AtlasTexture" id="AtlasTexture_h8tno"]
atlas = ExtResource("1_5aecw")
region = Rect2(128, 0, 128, 128)

[sub_resource type="AtlasTexture" id="AtlasTexture_qk6on"]
atlas = ExtResource("1_5aecw")
region = Rect2(256, 0, 128, 128)

[sub_resource type="AtlasTexture" id="AtlasTexture_en2kd"]
atlas = ExtResource("1_5aecw")
region = Rect2(384, 0, 128, 128)

[sub_resource type="AtlasTexture" id="AtlasTexture_figiv"]
atlas = ExtResource("1_5aecw")
region = Rect2(512, 0, 128, 128)

[sub_resource type="AtlasTexture" id="AtlasTexture_eo6tn"]
atlas = ExtResource("1_5aecw")
region = Rect2(640, 0, 128, 128)

[sub_resource type="AtlasTexture" id="AtlasTexture_gikd2"]
atlas = ExtResource("1_5aecw")
region = Rect2(768, 0, 128, 128)

[sub_resource type="AtlasTexture" id="AtlasTexture_wr6h1"]
atlas = ExtResource("1_5aecw")
region = Rect2(896, 0, 128, 128)

[sub_resource type="AtlasTexture" id="AtlasTexture_ptske"]
atlas = ExtResource("1_5aecw")
region = Rect2(1024, 0, 128, 128)

[sub_resource type="AtlasTexture" id="AtlasTexture_waacg"]
atlas = ExtResource("1_5aecw")
region = Rect2(0, 0, 128, 128)

[sub_resource type="AtlasTexture" id="AtlasTexture_k4c7v"]
atlas = ExtResource("1_5aecw")
region = Rect2(128, 0, 128, 128)

[sub_resource type="AtlasTexture" id="AtlasTexture_xe0xw"]
atlas = ExtResource("1_5aecw")
region = Rect2(256, 0, 128, 128)

[sub_resource type="AtlasTexture" id="AtlasTexture_riopv"]
atlas = ExtResource("1_5aecw")
region = Rect2(384, 0, 128, 128)

[sub_resource type="AtlasTexture" id="AtlasTexture_l7ll6"]
atlas = ExtResource("1_5aecw")
region = Rect2(512, 0, 128, 128)

[sub_resource type="AtlasTexture" id="AtlasTexture_6fx83"]
atlas = ExtResource("1_5aecw")
region = Rect2(640, 0, 128, 128)

[sub_resource type="AtlasTexture" id="AtlasTexture_1cul0"]
atlas = ExtResource("1_5aecw")
region = Rect2(768, 0, 128, 128)

[sub_resource type="AtlasTexture" id="AtlasTexture_ivhrn"]
atlas = ExtResource("1_5aecw")
region = Rect2(896, 0, 128, 128)

[sub_resource type="AtlasTexture" id="AtlasTexture_o6wwc"]
atlas = ExtResource("1_5aecw")
region = Rect2(1024, 0, 128, 128)

[sub_resource type="AtlasTexture" id="AtlasTexture_dg41v"]
atlas = ExtResource("1_5aecw")
region = Rect2(0, 0, 128, 128)

[sub_resource type="AtlasTexture" id="AtlasTexture_ns10b"]
atlas = ExtResource("1_5aecw")
region = Rect2(128, 0, 128, 128)

[sub_resource type="AtlasTexture" id="AtlasTexture_6hr4c"]
atlas = ExtResource("1_5aecw")
region = Rect2(256, 0, 128, 128)

[sub_resource type="AtlasTexture" id="AtlasTexture_rm0ei"]
atlas = ExtResource("1_5aecw")
region = Rect2(384, 0, 128, 128)

[sub_resource type="AtlasTexture" id="AtlasTexture_d750s"]
atlas = ExtResource("1_5aecw")
region = Rect2(512, 0, 128, 128)

[sub_resource type="AtlasTexture" id="AtlasTexture_uaiew"]
atlas = ExtResource("1_5aecw")
region = Rect2(640, 0, 128, 128)

[sub_resource type="AtlasTexture" id="AtlasTexture_ftj50"]
atlas = ExtResource("1_5aecw")
region = Rect2(768, 0, 128, 128)

[sub_resource type="AtlasTexture" id="AtlasTexture_rg35w"]
atlas = ExtResource("1_5aecw")
region = Rect2(896, 0, 128, 128)

[sub_resource type="AtlasTexture" id="AtlasTexture_i55jn"]
atlas = ExtResource("1_5aecw")
region = Rect2(1024, 0, 128, 128)

[resource]
animations = [{
"frames": [{
"duration": 1.0,
"texture": SubResource("AtlasTexture_1i0va")
}, {
"duration": 1.0,
"texture": SubResource("AtlasTexture_h8tno")
}, {
"duration": 1.0,
"texture": SubResource("AtlasTexture_qk6on")
}, {
"duration": 1.0,
"texture": SubResource("AtlasTexture_en2kd")
}, {
"duration": 1.0,
"texture": SubResource("AtlasTexture_figiv")
}, {
"duration": 1.0,
"texture": SubResource("AtlasTexture_eo6tn")
}, {
"duration": 1.0,
"texture": SubResource("AtlasTexture_gikd2")
}, {
"duration": 1.0,
"texture": SubResource("AtlasTexture_wr6h1")
}, {
"duration": 1.0,
"texture": SubResource("AtlasTexture_ptske")
}, {
"duration": 1.0,
"texture": SubResource("AtlasTexture_waacg")
}, {
"duration": 1.0,
"texture": SubResource("AtlasTexture_k4c7v")
}, {
"duration": 1.0,
"texture": SubResource("AtlasTexture_xe0xw")
}, {
"duration": 1.0,
"texture": SubResource("AtlasTexture_riopv")
}, {
"duration": 1.0,
"texture": SubResource("AtlasTexture_l7ll6")
}, {
"duration": 1.0,
"texture": SubResource("AtlasTexture_6fx83")
}, {
"duration": 1.0,
"texture": SubResource("AtlasTexture_1cul0")
}, {
"duration": 1.0,
"texture": SubResource("AtlasTexture_ivhrn")
}, {
"duration": 1.0,
"texture": SubResource("AtlasTexture_o6wwc")
}, {
"duration": 1.0,
"texture": SubResource("AtlasTexture_dg41v")
}, {
"duration": 1.0,
"texture": SubResource("AtlasTexture_ns10b")
}, {
"duration": 1.0,
"texture": SubResource("AtlasTexture_6hr4c")
}, {
"duration": 1.0,
"texture": SubResource("AtlasTexture_rm0ei")
}, {
"duration": 1.0,
"texture": SubResource("AtlasTexture_d750s")
}, {
"duration": 1.0,
"texture": SubResource("AtlasTexture_uaiew")
}, {
"duration": 1.0,
"texture": SubResource("AtlasTexture_ftj50")
}, {
"duration": 1.0,
"texture": SubResource("AtlasTexture_rg35w")
}, {
"duration": 1.0,
"texture": SubResource("AtlasTexture_i55jn")
}],
"loop": false,
"name": &"Roll",
"speed": 64.0
}]
