[gd_resource type="SpriteFrames" load_steps=26 format=3 uid="uid://bwo1v2ylwseuc"]

[ext_resource type="Texture2D" uid="uid://cri1sx12rscnb" path="res://assets/UI/RollingBlueDIce-Sheet.png" id="1_1cjyg"]

[sub_resource type="AtlasTexture" id="AtlasTexture_scjlo"]
atlas = ExtResource("1_1cjyg")
region = Rect2(0, 0, 128, 128)

[sub_resource type="AtlasTexture" id="AtlasTexture_yldmh"]
atlas = ExtResource("1_1cjyg")
region = Rect2(128, 0, 128, 128)

[sub_resource type="AtlasTexture" id="AtlasTexture_hhp06"]
atlas = ExtResource("1_1cjyg")
region = Rect2(256, 0, 128, 128)

[sub_resource type="AtlasTexture" id="AtlasTexture_pd5gf"]
atlas = ExtResource("1_1cjyg")
region = Rect2(384, 0, 128, 128)

[sub_resource type="AtlasTexture" id="AtlasTexture_e6k35"]
atlas = ExtResource("1_1cjyg")
region = Rect2(512, 0, 128, 128)

[sub_resource type="AtlasTexture" id="AtlasTexture_a4xhm"]
atlas = ExtResource("1_1cjyg")
region = Rect2(640, 0, 128, 128)

[sub_resource type="AtlasTexture" id="AtlasTexture_7m4kr"]
atlas = ExtResource("1_1cjyg")
region = Rect2(768, 0, 128, 128)

[sub_resource type="AtlasTexture" id="AtlasTexture_y2hgk"]
atlas = ExtResource("1_1cjyg")
region = Rect2(896, 0, 128, 128)

[sub_resource type="AtlasTexture" id="AtlasTexture_fpvvn"]
atlas = ExtResource("1_1cjyg")
region = Rect2(0, 0, 128, 128)

[sub_resource type="AtlasTexture" id="AtlasTexture_cbdtb"]
atlas = ExtResource("1_1cjyg")
region = Rect2(128, 0, 128, 128)

[sub_resource type="AtlasTexture" id="AtlasTexture_6iump"]
atlas = ExtResource("1_1cjyg")
region = Rect2(256, 0, 128, 128)

[sub_resource type="AtlasTexture" id="AtlasTexture_exhs7"]
atlas = ExtResource("1_1cjyg")
region = Rect2(384, 0, 128, 128)

[sub_resource type="AtlasTexture" id="AtlasTexture_obtye"]
atlas = ExtResource("1_1cjyg")
region = Rect2(512, 0, 128, 128)

[sub_resource type="AtlasTexture" id="AtlasTexture_2rs81"]
atlas = ExtResource("1_1cjyg")
region = Rect2(640, 0, 128, 128)

[sub_resource type="AtlasTexture" id="AtlasTexture_lvq2v"]
atlas = ExtResource("1_1cjyg")
region = Rect2(768, 0, 128, 128)

[sub_resource type="AtlasTexture" id="AtlasTexture_8ep2n"]
atlas = ExtResource("1_1cjyg")
region = Rect2(896, 0, 128, 128)

[sub_resource type="AtlasTexture" id="AtlasTexture_fngrf"]
atlas = ExtResource("1_1cjyg")
region = Rect2(0, 0, 128, 128)

[sub_resource type="AtlasTexture" id="AtlasTexture_0v5v2"]
atlas = ExtResource("1_1cjyg")
region = Rect2(128, 0, 128, 128)

[sub_resource type="AtlasTexture" id="AtlasTexture_ty8sj"]
atlas = ExtResource("1_1cjyg")
region = Rect2(256, 0, 128, 128)

[sub_resource type="AtlasTexture" id="AtlasTexture_n78xq"]
atlas = ExtResource("1_1cjyg")
region = Rect2(384, 0, 128, 128)

[sub_resource type="AtlasTexture" id="AtlasTexture_csjav"]
atlas = ExtResource("1_1cjyg")
region = Rect2(512, 0, 128, 128)

[sub_resource type="AtlasTexture" id="AtlasTexture_2ap4k"]
atlas = ExtResource("1_1cjyg")
region = Rect2(640, 0, 128, 128)

[sub_resource type="AtlasTexture" id="AtlasTexture_yh0ho"]
atlas = ExtResource("1_1cjyg")
region = Rect2(768, 0, 128, 128)

[sub_resource type="AtlasTexture" id="AtlasTexture_2115e"]
atlas = ExtResource("1_1cjyg")
region = Rect2(896, 0, 128, 128)

[resource]
animations = [{
"frames": [{
"duration": 1.0,
"texture": SubResource("AtlasTexture_scjlo")
}, {
"duration": 1.0,
"texture": SubResource("AtlasTexture_yldmh")
}, {
"duration": 1.0,
"texture": SubResource("AtlasTexture_hhp06")
}, {
"duration": 1.0,
"texture": SubResource("AtlasTexture_pd5gf")
}, {
"duration": 1.0,
"texture": SubResource("AtlasTexture_e6k35")
}, {
"duration": 1.0,
"texture": SubResource("AtlasTexture_a4xhm")
}, {
"duration": 1.0,
"texture": SubResource("AtlasTexture_7m4kr")
}, {
"duration": 1.0,
"texture": SubResource("AtlasTexture_y2hgk")
}, {
"duration": 1.0,
"texture": SubResource("AtlasTexture_fpvvn")
}, {
"duration": 1.0,
"texture": SubResource("AtlasTexture_cbdtb")
}, {
"duration": 1.0,
"texture": SubResource("AtlasTexture_6iump")
}, {
"duration": 1.0,
"texture": SubResource("AtlasTexture_exhs7")
}, {
"duration": 1.0,
"texture": SubResource("AtlasTexture_obtye")
}, {
"duration": 1.0,
"texture": SubResource("AtlasTexture_2rs81")
}, {
"duration": 1.0,
"texture": SubResource("AtlasTexture_lvq2v")
}, {
"duration": 1.0,
"texture": SubResource("AtlasTexture_8ep2n")
}, {
"duration": 1.0,
"texture": SubResource("AtlasTexture_fngrf")
}, {
"duration": 1.0,
"texture": SubResource("AtlasTexture_0v5v2")
}, {
"duration": 1.0,
"texture": SubResource("AtlasTexture_ty8sj")
}, {
"duration": 1.0,
"texture": SubResource("AtlasTexture_n78xq")
}, {
"duration": 1.0,
"texture": SubResource("AtlasTexture_csjav")
}, {
"duration": 1.0,
"texture": SubResource("AtlasTexture_2ap4k")
}, {
"duration": 1.0,
"texture": SubResource("AtlasTexture_yh0ho")
}, {
"duration": 1.0,
"texture": SubResource("AtlasTexture_2115e")
}],
"loop": false,
"name": &"Roll",
"speed": 64.0
}]
