[gd_resource type="SpriteFrames" load_steps=21 format=3 uid="uid://bcyrw53g538me"]

[ext_resource type="Texture2D" uid="uid://cwncl7ycy06vg" path="res://assets/Weapons/HatchetHitFailed-Sheet.png" id="1_2ymne"]
[ext_resource type="Texture2D" uid="uid://b6m85mie5reu7" path="res://assets/Weapons/HatchetHit-Sheet.png" id="2_dyoy7"]

[sub_resource type="AtlasTexture" id="AtlasTexture_tjygw"]
atlas = ExtResource("1_2ymne")
region = Rect2(0, 0, 64, 64)

[sub_resource type="AtlasTexture" id="AtlasTexture_jc8up"]
atlas = ExtResource("1_2ymne")
region = Rect2(64, 0, 64, 64)

[sub_resource type="AtlasTexture" id="AtlasTexture_bxqcm"]
atlas = ExtResource("1_2ymne")
region = Rect2(128, 0, 64, 64)

[sub_resource type="AtlasTexture" id="AtlasTexture_fv4gc"]
atlas = ExtResource("1_2ymne")
region = Rect2(192, 0, 64, 64)

[sub_resource type="AtlasTexture" id="AtlasTexture_bigwr"]
atlas = ExtResource("1_2ymne")
region = Rect2(256, 0, 64, 64)

[sub_resource type="AtlasTexture" id="AtlasTexture_khcg8"]
atlas = ExtResource("1_2ymne")
region = Rect2(320, 0, 64, 64)

[sub_resource type="AtlasTexture" id="AtlasTexture_1u5c4"]
atlas = ExtResource("1_2ymne")
region = Rect2(384, 0, 64, 64)

[sub_resource type="AtlasTexture" id="AtlasTexture_j58c2"]
atlas = ExtResource("1_2ymne")
region = Rect2(448, 0, 64, 64)

[sub_resource type="AtlasTexture" id="AtlasTexture_kwr5d"]
atlas = ExtResource("1_2ymne")
region = Rect2(512, 0, 64, 64)

[sub_resource type="AtlasTexture" id="AtlasTexture_yncvs"]
atlas = ExtResource("1_2ymne")
region = Rect2(576, 0, 64, 64)

[sub_resource type="AtlasTexture" id="AtlasTexture_h3oui"]
atlas = ExtResource("2_dyoy7")
region = Rect2(0, 0, 64, 64)

[sub_resource type="AtlasTexture" id="AtlasTexture_7kqiw"]
atlas = ExtResource("2_dyoy7")
region = Rect2(64, 0, 64, 64)

[sub_resource type="AtlasTexture" id="AtlasTexture_dtpgy"]
atlas = ExtResource("2_dyoy7")
region = Rect2(128, 0, 64, 64)

[sub_resource type="AtlasTexture" id="AtlasTexture_gq882"]
atlas = ExtResource("2_dyoy7")
region = Rect2(192, 0, 64, 64)

[sub_resource type="AtlasTexture" id="AtlasTexture_gtebh"]
atlas = ExtResource("2_dyoy7")
region = Rect2(256, 0, 64, 64)

[sub_resource type="AtlasTexture" id="AtlasTexture_khpl0"]
atlas = ExtResource("2_dyoy7")
region = Rect2(320, 0, 64, 64)

[sub_resource type="AtlasTexture" id="AtlasTexture_sffna"]
atlas = ExtResource("2_dyoy7")
region = Rect2(384, 0, 64, 64)

[sub_resource type="AtlasTexture" id="AtlasTexture_x6a67"]
atlas = ExtResource("2_dyoy7")
region = Rect2(448, 0, 64, 64)

[resource]
animations = [{
"frames": [{
"duration": 1.0,
"texture": SubResource("AtlasTexture_tjygw")
}, {
"duration": 1.0,
"texture": SubResource("AtlasTexture_jc8up")
}, {
"duration": 1.0,
"texture": SubResource("AtlasTexture_bxqcm")
}, {
"duration": 1.0,
"texture": SubResource("AtlasTexture_fv4gc")
}, {
"duration": 1.0,
"texture": SubResource("AtlasTexture_bigwr")
}, {
"duration": 1.0,
"texture": SubResource("AtlasTexture_khcg8")
}, {
"duration": 1.0,
"texture": SubResource("AtlasTexture_1u5c4")
}, {
"duration": 1.0,
"texture": SubResource("AtlasTexture_j58c2")
}, {
"duration": 1.0,
"texture": SubResource("AtlasTexture_kwr5d")
}, {
"duration": 1.0,
"texture": SubResource("AtlasTexture_yncvs")
}],
"loop": false,
"name": &"failedAttack",
"speed": 10.0
}, {
"frames": [{
"duration": 1.0,
"texture": SubResource("AtlasTexture_h3oui")
}, {
"duration": 1.0,
"texture": SubResource("AtlasTexture_7kqiw")
}, {
"duration": 1.0,
"texture": SubResource("AtlasTexture_dtpgy")
}, {
"duration": 1.0,
"texture": SubResource("AtlasTexture_gq882")
}, {
"duration": 1.0,
"texture": SubResource("AtlasTexture_gtebh")
}, {
"duration": 1.0,
"texture": SubResource("AtlasTexture_khpl0")
}, {
"duration": 1.0,
"texture": SubResource("AtlasTexture_sffna")
}, {
"duration": 1.0,
"texture": SubResource("AtlasTexture_x6a67")
}],
"loop": false,
"name": &"successfullAttack",
"speed": 17.0
}]
