[gd_scene load_steps=3 format=3 uid="uid://ihjbfdnuymx2"]

[ext_resource type="Script" path="res://scripts/creature/creation/condition_option_display.gd" id="1_0yj1q"]
[ext_resource type="Texture2D" uid="uid://py6mn3jml52t" path="res://assets/Species/species_choices/Attribute=ChoiceCantrip.png" id="2_urm4j"]

[node name="Control" type="ScrollContainer"]
offset_right = 480.0
offset_bottom = 167.0
size_flags_horizontal = 3
vertical_scroll_mode = 0
script = ExtResource("1_0yj1q")

[node name="VBoxContainer" type="VBoxContainer" parent="."]
layout_mode = 2
size_flags_horizontal = 3
size_flags_vertical = 3

[node name="TitleHolder" type="HBoxContainer" parent="VBoxContainer"]
layout_mode = 2

[node name="Icon" type="TextureRect" parent="VBoxContainer/TitleHolder"]
custom_minimum_size = Vector2(64, 0)
layout_mode = 2
texture = ExtResource("2_urm4j")
expand_mode = 5
stretch_mode = 5

[node name="VBoxContainer" type="VBoxContainer" parent="VBoxContainer/TitleHolder"]
layout_mode = 2
size_flags_horizontal = 3

[node name="Title" type="Label" parent="VBoxContainer/TitleHolder/VBoxContainer"]
layout_mode = 2
theme_type_variation = &"H3"
text = "Cantrip"

[node name="Description" type="Label" parent="VBoxContainer/TitleHolder/VBoxContainer"]
custom_minimum_size = Vector2(0, 32)
layout_mode = 2
text = "You know one cantrip of your choice from the wizard spell list. Intelligence is your spellcasting ability for it.

"
autowrap_mode = 2

[node name="Pick One" type="Button" parent="VBoxContainer"]
layout_mode = 2
size_flags_vertical = 4
text = "Pick"

[node name="DetailsPopup" type="PopupPanel" parent="."]
initial_position = 1
size = Vector2i(197, 446)

[node name="OptionTemplate" type="MarginContainer" parent="DetailsPopup"]
visible = false
offset_left = 4.0
offset_top = 4.0
offset_right = 193.0
offset_bottom = 442.0

[node name="Button" type="Button" parent="DetailsPopup/OptionTemplate"]
layout_mode = 2
toggle_mode = true

[node name="Content" type="MarginContainer" parent="DetailsPopup/OptionTemplate"]
layout_mode = 2
mouse_filter = 2
theme_override_constants/margin_left = 5
theme_override_constants/margin_top = 5
theme_override_constants/margin_right = 5
theme_override_constants/margin_bottom = 5

[node name="Vbox" type="VBoxContainer" parent="DetailsPopup/OptionTemplate/Content"]
layout_mode = 2
mouse_filter = 2

[node name="Name" type="Label" parent="DetailsPopup/OptionTemplate/Content/Vbox"]
layout_mode = 2
theme_type_variation = &"H4"

[node name="Description" type="Label" parent="DetailsPopup/OptionTemplate/Content/Vbox"]
custom_minimum_size = Vector2(0, 32)
layout_mode = 2
autowrap_mode = 2

[node name="VBoxContainer" type="VBoxContainer" parent="DetailsPopup"]
anchors_preset = 15
anchor_right = 1.0
anchor_bottom = 1.0
offset_left = 4.0
offset_top = 4.0
offset_right = 193.0
offset_bottom = 442.0
grow_horizontal = 2
grow_vertical = 2

[node name="TitleHolder" type="HBoxContainer" parent="DetailsPopup/VBoxContainer"]
layout_mode = 2

[node name="Icon" type="TextureRect" parent="DetailsPopup/VBoxContainer/TitleHolder"]
custom_minimum_size = Vector2(64, 0)
layout_mode = 2
texture = ExtResource("2_urm4j")
expand_mode = 5
stretch_mode = 5

[node name="VBoxContainer" type="VBoxContainer" parent="DetailsPopup/VBoxContainer/TitleHolder"]
layout_mode = 2
size_flags_horizontal = 3

[node name="Title" type="Label" parent="DetailsPopup/VBoxContainer/TitleHolder/VBoxContainer"]
layout_mode = 2
theme_type_variation = &"H3"
text = "Cantrip"

[node name="Description" type="Label" parent="DetailsPopup/VBoxContainer/TitleHolder/VBoxContainer"]
custom_minimum_size = Vector2(0, 32)
layout_mode = 2
text = "You know one cantrip of your choice from the wizard spell list. Intelligence is your spellcasting ability for it.

"
autowrap_mode = 2

[node name="ScrollContainer" type="ScrollContainer" parent="DetailsPopup/VBoxContainer"]
layout_mode = 2
size_flags_vertical = 3

[node name="Possibilities" type="VBoxContainer" parent="DetailsPopup/VBoxContainer/ScrollContainer"]
layout_mode = 2
size_flags_horizontal = 3
size_flags_vertical = 3
