[gd_scene load_steps=4 format=3 uid="uid://oxcmkr5x6je0"]

[ext_resource type="Script" path="res://scripts/creature/creation/default_options_display.gd" id="1_a5nlb"]
[ext_resource type="Texture2D" uid="uid://py6mn3jml52t" path="res://assets/Species/species_choices/Attribute=ChoiceCantrip.png" id="2_qltg1"]
[ext_resource type="Texture2D" uid="uid://tgwb6kxmvj3" path="res://assets/UI/Spells/Spell=Firebolt.png" id="2_tfp5v"]

[node name="Control" type="ScrollContainer"]
anchors_preset = 15
anchor_right = 1.0
anchor_bottom = 1.0
grow_horizontal = 2
grow_vertical = 2
size_flags_horizontal = 3
vertical_scroll_mode = 0
script = ExtResource("1_a5nlb")

[node name="Holder" type="VBoxContainer" parent="."]
layout_mode = 2
size_flags_horizontal = 3
size_flags_vertical = 3

[node name="TitleHolder" type="HBoxContainer" parent="Holder"]
layout_mode = 2

[node name="Icon" type="TextureRect" parent="Holder/TitleHolder"]
custom_minimum_size = Vector2(64, 0)
layout_mode = 2
texture = ExtResource("2_qltg1")
expand_mode = 5
stretch_mode = 5

[node name="VBoxContainer" type="VBoxContainer" parent="Holder/TitleHolder"]
layout_mode = 2
size_flags_horizontal = 3

[node name="Title" type="Label" parent="Holder/TitleHolder/VBoxContainer"]
layout_mode = 2
theme_type_variation = &"H3"
text = "Cantrip"

[node name="Description" type="Label" parent="Holder/TitleHolder/VBoxContainer"]
custom_minimum_size = Vector2(0, 32)
layout_mode = 2
text = "You know one cantrip of your choice from the wizard spell list. Intelligence is your spellcasting ability for it.

"
autowrap_mode = 2

[node name="Possibilities" type="HBoxContainer" parent="Holder"]
custom_minimum_size = Vector2(0, 50)
layout_mode = 2
size_flags_horizontal = 3
theme_override_constants/separation = 15
alignment = 1

[node name="TemplateButton" type="Button" parent="Holder/Possibilities"]
custom_minimum_size = Vector2(50, 50)
layout_mode = 2
theme_type_variation = &"ToggleButton"
toggle_mode = true
icon = ExtResource("2_tfp5v")
icon_alignment = 1
expand_icon = true
