[gd_scene load_steps=13 format=3 uid="uid://codvgt4ouxejs"]

[ext_resource type="Script" path="res://scripts/creature/creation/creation_statistics_step.gd" id="1_q6x6q"]
[ext_resource type="PackedScene" uid="uid://cngibxy3fulep" path="res://scenes/creature/creation/species_tab.tscn" id="1_sfaet"]
[ext_resource type="Resource" uid="uid://qu3u8xiow0it" path="res://resources/creature/game_classes/Fighter.tres" id="2_kjj8f"]
[ext_resource type="PackedScene" uid="uid://bw7dl1v73e8eu" path="res://scenes/creature/creation/class_list_tab.tscn" id="2_ugc6b"]
[ext_resource type="Texture2D" uid="uid://xvmepcpd11sq" path="res://assets/UI/CreatureCreation/RemainingAbilityPoint.png" id="3_aw6s2"]
[ext_resource type="Texture2D" uid="uid://dyei2llib3v7b" path="res://assets/UI/CreatureCreation/SpentAbilityPoint.png" id="3_o4ct1"]
[ext_resource type="Resource" uid="uid://demh7brscuoi1" path="res://resources/creature/species/dwarf_species.tres" id="3_s3l38"]
[ext_resource type="PackedScene" uid="uid://cotx1nxm2gd8p" path="res://scenes/creature/character_sheet_element/creature_statistic_chip.tscn" id="4_lfq84"]
[ext_resource type="Texture2D" uid="uid://b3smaktc6wwiv" path="res://assets/UI/CreatureCreation/AbilityMoreButton.png" id="5_uwfhg"]
[ext_resource type="Texture2D" uid="uid://ci714q1sj1bym" path="res://assets/UI/CreatureCreation/AbilityLessButton.png" id="7_rj7rl"]
[ext_resource type="Texture2D" uid="uid://ddncjesttih2e" path="res://assets/UI/CreatureCreation/DeactivatedAbilityMoreButton.png" id="9_l5j2g"]
[ext_resource type="Texture2D" uid="uid://bmcw62kxxu5i2" path="res://assets/UI/CreatureCreation/DeactivatedAbilitylessButton.png" id="12_go44p"]

[node name="StatisticsCreationStep" type="VBoxContainer"]
anchors_preset = 15
anchor_right = 1.0
anchor_bottom = 1.0
offset_left = -17.0
offset_top = 2.0
offset_right = 18.0
offset_bottom = 14.0
grow_horizontal = 2
grow_vertical = 2
script = ExtResource("1_q6x6q")
picked_class_design = ExtResource("2_kjj8f")
picked_species_design = ExtResource("3_s3l38")
point_remaining_text_template = "You have %d points to distribute"
remaining_point_texture = ExtResource("3_aw6s2")
spent_point_texture = ExtResource("3_o4ct1")

[node name="MarginContainer" type="MarginContainer" parent="."]
layout_mode = 2
size_flags_vertical = 3
theme_override_constants/margin_left = 15
theme_override_constants/margin_top = 15
theme_override_constants/margin_right = 15
theme_override_constants/margin_bottom = 15

[node name="DetailsContainer" type="PanelContainer" parent="MarginContainer"]
layout_mode = 2

[node name="MarginContainer" type="MarginContainer" parent="MarginContainer/DetailsContainer"]
layout_mode = 2
theme_override_constants/margin_left = 10
theme_override_constants/margin_top = 10
theme_override_constants/margin_right = 10
theme_override_constants/margin_bottom = 10

[node name="VBoxContainer" type="VBoxContainer" parent="MarginContainer/DetailsContainer/MarginContainer"]
layout_mode = 2
theme_override_constants/separation = 15

[node name="SpeciesAndClass" type="HBoxContainer" parent="MarginContainer/DetailsContainer/MarginContainer/VBoxContainer"]
layout_mode = 2

[node name="SpeciesTab" parent="MarginContainer/DetailsContainer/MarginContainer/VBoxContainer/SpeciesAndClass" instance=ExtResource("1_sfaet")]
layout_mode = 2

[node name="ClassListTab" parent="MarginContainer/DetailsContainer/MarginContainer/VBoxContainer/SpeciesAndClass" instance=ExtResource("2_ugc6b")]
layout_mode = 2

[node name="HSeparator" type="HSeparator" parent="MarginContainer/DetailsContainer/MarginContainer/VBoxContainer"]
layout_mode = 2

[node name="Description" type="Label" parent="MarginContainer/DetailsContainer/MarginContainer/VBoxContainer"]
layout_mode = 2
text = "Statistics help you succeed dice throws 
by adding their modifier to the result"
horizontal_alignment = 1

[node name="HSeparator2" type="HSeparator" parent="MarginContainer/DetailsContainer/MarginContainer/VBoxContainer"]
layout_mode = 2

[node name="StatsPointRemaining" type="HBoxContainer" parent="MarginContainer/DetailsContainer/MarginContainer/VBoxContainer"]
layout_mode = 2

[node name="PointRemainingLabel" type="Label" parent="MarginContainer/DetailsContainer/MarginContainer/VBoxContainer/StatsPointRemaining"]
layout_mode = 2
size_flags_horizontal = 3
text = "You have 15 points
 to distribute"
horizontal_alignment = 2

[node name="StatPointContainer" type="GridContainer" parent="MarginContainer/DetailsContainer/MarginContainer/VBoxContainer/StatsPointRemaining"]
layout_mode = 2
size_flags_horizontal = 3
columns = 9

[node name="TextureRect" type="TextureRect" parent="MarginContainer/DetailsContainer/MarginContainer/VBoxContainer/StatsPointRemaining/StatPointContainer"]
layout_mode = 2
size_flags_horizontal = 3
size_flags_vertical = 3
texture = ExtResource("3_aw6s2")
expand_mode = 5
stretch_mode = 5

[node name="TextureRect2" type="TextureRect" parent="MarginContainer/DetailsContainer/MarginContainer/VBoxContainer/StatsPointRemaining/StatPointContainer"]
layout_mode = 2
size_flags_horizontal = 3
size_flags_vertical = 3
texture = ExtResource("3_aw6s2")
expand_mode = 5
stretch_mode = 5

[node name="TextureRect3" type="TextureRect" parent="MarginContainer/DetailsContainer/MarginContainer/VBoxContainer/StatsPointRemaining/StatPointContainer"]
layout_mode = 2
size_flags_horizontal = 3
size_flags_vertical = 3
texture = ExtResource("3_aw6s2")
expand_mode = 5
stretch_mode = 5

[node name="TextureRect4" type="TextureRect" parent="MarginContainer/DetailsContainer/MarginContainer/VBoxContainer/StatsPointRemaining/StatPointContainer"]
layout_mode = 2
size_flags_horizontal = 3
size_flags_vertical = 3
texture = ExtResource("3_aw6s2")
expand_mode = 5
stretch_mode = 5

[node name="TextureRect5" type="TextureRect" parent="MarginContainer/DetailsContainer/MarginContainer/VBoxContainer/StatsPointRemaining/StatPointContainer"]
layout_mode = 2
size_flags_horizontal = 3
size_flags_vertical = 3
texture = ExtResource("3_aw6s2")
expand_mode = 5
stretch_mode = 5

[node name="TextureRect6" type="TextureRect" parent="MarginContainer/DetailsContainer/MarginContainer/VBoxContainer/StatsPointRemaining/StatPointContainer"]
layout_mode = 2
size_flags_horizontal = 3
size_flags_vertical = 3
texture = ExtResource("3_aw6s2")
expand_mode = 5
stretch_mode = 5

[node name="TextureRect7" type="TextureRect" parent="MarginContainer/DetailsContainer/MarginContainer/VBoxContainer/StatsPointRemaining/StatPointContainer"]
layout_mode = 2
size_flags_horizontal = 3
size_flags_vertical = 3
texture = ExtResource("3_aw6s2")
expand_mode = 5
stretch_mode = 5

[node name="TextureRect8" type="TextureRect" parent="MarginContainer/DetailsContainer/MarginContainer/VBoxContainer/StatsPointRemaining/StatPointContainer"]
layout_mode = 2
size_flags_horizontal = 3
size_flags_vertical = 3
texture = ExtResource("3_aw6s2")
expand_mode = 5
stretch_mode = 5

[node name="TextureRect9" type="TextureRect" parent="MarginContainer/DetailsContainer/MarginContainer/VBoxContainer/StatsPointRemaining/StatPointContainer"]
layout_mode = 2
size_flags_horizontal = 3
size_flags_vertical = 3
texture = ExtResource("3_aw6s2")
expand_mode = 5
stretch_mode = 5

[node name="TextureRect10" type="TextureRect" parent="MarginContainer/DetailsContainer/MarginContainer/VBoxContainer/StatsPointRemaining/StatPointContainer"]
layout_mode = 2
size_flags_horizontal = 3
size_flags_vertical = 3
texture = ExtResource("3_aw6s2")
expand_mode = 5
stretch_mode = 5

[node name="TextureRect11" type="TextureRect" parent="MarginContainer/DetailsContainer/MarginContainer/VBoxContainer/StatsPointRemaining/StatPointContainer"]
layout_mode = 2
size_flags_horizontal = 3
size_flags_vertical = 3
texture = ExtResource("3_aw6s2")
expand_mode = 5
stretch_mode = 5

[node name="TextureRect12" type="TextureRect" parent="MarginContainer/DetailsContainer/MarginContainer/VBoxContainer/StatsPointRemaining/StatPointContainer"]
layout_mode = 2
size_flags_horizontal = 3
size_flags_vertical = 3
texture = ExtResource("3_aw6s2")
expand_mode = 5
stretch_mode = 5

[node name="TextureRect13" type="TextureRect" parent="MarginContainer/DetailsContainer/MarginContainer/VBoxContainer/StatsPointRemaining/StatPointContainer"]
layout_mode = 2
size_flags_horizontal = 3
size_flags_vertical = 3
texture = ExtResource("3_aw6s2")
expand_mode = 5
stretch_mode = 5

[node name="TextureRect14" type="TextureRect" parent="MarginContainer/DetailsContainer/MarginContainer/VBoxContainer/StatsPointRemaining/StatPointContainer"]
layout_mode = 2
size_flags_horizontal = 3
size_flags_vertical = 3
texture = ExtResource("3_aw6s2")
expand_mode = 5
stretch_mode = 5

[node name="TextureRect15" type="TextureRect" parent="MarginContainer/DetailsContainer/MarginContainer/VBoxContainer/StatsPointRemaining/StatPointContainer"]
layout_mode = 2
size_flags_horizontal = 3
size_flags_vertical = 3
texture = ExtResource("3_aw6s2")
expand_mode = 5
stretch_mode = 5

[node name="TextureRect16" type="TextureRect" parent="MarginContainer/DetailsContainer/MarginContainer/VBoxContainer/StatsPointRemaining/StatPointContainer"]
layout_mode = 2
size_flags_horizontal = 3
size_flags_vertical = 3
texture = ExtResource("3_aw6s2")
expand_mode = 5
stretch_mode = 5

[node name="TextureRect17" type="TextureRect" parent="MarginContainer/DetailsContainer/MarginContainer/VBoxContainer/StatsPointRemaining/StatPointContainer"]
layout_mode = 2
size_flags_horizontal = 3
size_flags_vertical = 3
texture = ExtResource("3_aw6s2")
expand_mode = 5
stretch_mode = 5

[node name="TextureRect18" type="TextureRect" parent="MarginContainer/DetailsContainer/MarginContainer/VBoxContainer/StatsPointRemaining/StatPointContainer"]
layout_mode = 2
size_flags_horizontal = 3
size_flags_vertical = 3
texture = ExtResource("3_aw6s2")
expand_mode = 5
stretch_mode = 5

[node name="TextureRect19" type="TextureRect" parent="MarginContainer/DetailsContainer/MarginContainer/VBoxContainer/StatsPointRemaining/StatPointContainer"]
layout_mode = 2
size_flags_horizontal = 3
size_flags_vertical = 3
texture = ExtResource("3_aw6s2")
expand_mode = 5
stretch_mode = 5

[node name="TextureRect20" type="TextureRect" parent="MarginContainer/DetailsContainer/MarginContainer/VBoxContainer/StatsPointRemaining/StatPointContainer"]
layout_mode = 2
size_flags_horizontal = 3
size_flags_vertical = 3
texture = ExtResource("3_aw6s2")
expand_mode = 5
stretch_mode = 5

[node name="TextureRect21" type="TextureRect" parent="MarginContainer/DetailsContainer/MarginContainer/VBoxContainer/StatsPointRemaining/StatPointContainer"]
layout_mode = 2
size_flags_horizontal = 3
size_flags_vertical = 3
texture = ExtResource("3_aw6s2")
expand_mode = 5
stretch_mode = 5

[node name="TextureRect22" type="TextureRect" parent="MarginContainer/DetailsContainer/MarginContainer/VBoxContainer/StatsPointRemaining/StatPointContainer"]
layout_mode = 2
size_flags_horizontal = 3
size_flags_vertical = 3
texture = ExtResource("3_aw6s2")
expand_mode = 5
stretch_mode = 5

[node name="TextureRect23" type="TextureRect" parent="MarginContainer/DetailsContainer/MarginContainer/VBoxContainer/StatsPointRemaining/StatPointContainer"]
layout_mode = 2
size_flags_horizontal = 3
size_flags_vertical = 3
texture = ExtResource("3_aw6s2")
expand_mode = 5
stretch_mode = 5

[node name="TextureRect24" type="TextureRect" parent="MarginContainer/DetailsContainer/MarginContainer/VBoxContainer/StatsPointRemaining/StatPointContainer"]
layout_mode = 2
size_flags_horizontal = 3
size_flags_vertical = 3
texture = ExtResource("3_aw6s2")
expand_mode = 5
stretch_mode = 5

[node name="TextureRect25" type="TextureRect" parent="MarginContainer/DetailsContainer/MarginContainer/VBoxContainer/StatsPointRemaining/StatPointContainer"]
layout_mode = 2
size_flags_horizontal = 3
size_flags_vertical = 3
texture = ExtResource("3_aw6s2")
expand_mode = 5
stretch_mode = 5

[node name="TextureRect26" type="TextureRect" parent="MarginContainer/DetailsContainer/MarginContainer/VBoxContainer/StatsPointRemaining/StatPointContainer"]
layout_mode = 2
size_flags_horizontal = 3
size_flags_vertical = 3
texture = ExtResource("3_aw6s2")
expand_mode = 5
stretch_mode = 5

[node name="TextureRect27" type="TextureRect" parent="MarginContainer/DetailsContainer/MarginContainer/VBoxContainer/StatsPointRemaining/StatPointContainer"]
layout_mode = 2
size_flags_horizontal = 3
size_flags_vertical = 3
texture = ExtResource("3_aw6s2")
expand_mode = 5
stretch_mode = 5

[node name="AbilityDistributor" type="GridContainer" parent="MarginContainer/DetailsContainer/MarginContainer/VBoxContainer"]
layout_mode = 2
theme_override_constants/h_separation = 16
columns = 7

[node name="Filler" type="Control" parent="MarginContainer/DetailsContainer/MarginContainer/VBoxContainer/AbilityDistributor"]
layout_mode = 2

[node name="STRAddButton" type="TextureButton" parent="MarginContainer/DetailsContainer/MarginContainer/VBoxContainer/AbilityDistributor"]
custom_minimum_size = Vector2(50, 50)
layout_mode = 2
size_flags_horizontal = 3
size_flags_vertical = 3
texture_normal = ExtResource("5_uwfhg")
texture_disabled = ExtResource("9_l5j2g")
ignore_texture_size = true
stretch_mode = 5

[node name="DEXAddButton" type="TextureButton" parent="MarginContainer/DetailsContainer/MarginContainer/VBoxContainer/AbilityDistributor"]
custom_minimum_size = Vector2(50, 50)
layout_mode = 2
size_flags_horizontal = 3
size_flags_vertical = 3
texture_normal = ExtResource("5_uwfhg")
texture_disabled = ExtResource("9_l5j2g")
ignore_texture_size = true
stretch_mode = 5

[node name="CONAddButton" type="TextureButton" parent="MarginContainer/DetailsContainer/MarginContainer/VBoxContainer/AbilityDistributor"]
custom_minimum_size = Vector2(50, 50)
layout_mode = 2
size_flags_horizontal = 3
size_flags_vertical = 3
texture_normal = ExtResource("5_uwfhg")
texture_disabled = ExtResource("9_l5j2g")
ignore_texture_size = true
stretch_mode = 5

[node name="INTAddButton" type="TextureButton" parent="MarginContainer/DetailsContainer/MarginContainer/VBoxContainer/AbilityDistributor"]
custom_minimum_size = Vector2(50, 50)
layout_mode = 2
size_flags_horizontal = 3
size_flags_vertical = 3
texture_normal = ExtResource("5_uwfhg")
texture_disabled = ExtResource("9_l5j2g")
ignore_texture_size = true
stretch_mode = 5

[node name="WISAddButton" type="TextureButton" parent="MarginContainer/DetailsContainer/MarginContainer/VBoxContainer/AbilityDistributor"]
custom_minimum_size = Vector2(50, 50)
layout_mode = 2
size_flags_horizontal = 3
size_flags_vertical = 3
texture_normal = ExtResource("5_uwfhg")
texture_disabled = ExtResource("9_l5j2g")
ignore_texture_size = true
stretch_mode = 5

[node name="CHAAddButton" type="TextureButton" parent="MarginContainer/DetailsContainer/MarginContainer/VBoxContainer/AbilityDistributor"]
custom_minimum_size = Vector2(50, 50)
layout_mode = 2
size_flags_horizontal = 3
size_flags_vertical = 3
texture_normal = ExtResource("5_uwfhg")
texture_disabled = ExtResource("9_l5j2g")
ignore_texture_size = true
stretch_mode = 5

[node name="Legend" type="VBoxContainer" parent="MarginContainer/DetailsContainer/MarginContainer/VBoxContainer/AbilityDistributor"]
layout_mode = 2

[node name="AbilityNameLabel" type="Label" parent="MarginContainer/DetailsContainer/MarginContainer/VBoxContainer/AbilityDistributor/Legend"]
layout_mode = 2
size_flags_vertical = 6
text = "Name"
horizontal_alignment = 2

[node name="AbilityValueLabel" type="Label" parent="MarginContainer/DetailsContainer/MarginContainer/VBoxContainer/AbilityDistributor/Legend"]
layout_mode = 2
size_flags_vertical = 6
text = "Value"
horizontal_alignment = 2

[node name="AbilityModLabel" type="Label" parent="MarginContainer/DetailsContainer/MarginContainer/VBoxContainer/AbilityDistributor/Legend"]
layout_mode = 2
size_flags_vertical = 6
text = "Modifie"
horizontal_alignment = 2

[node name="STR" parent="MarginContainer/DetailsContainer/MarginContainer/VBoxContainer/AbilityDistributor" instance=ExtResource("4_lfq84")]
layout_mode = 2
short_name = "STR"

[node name="DEX" parent="MarginContainer/DetailsContainer/MarginContainer/VBoxContainer/AbilityDistributor" instance=ExtResource("4_lfq84")]
layout_mode = 2
short_name = "DEX"

[node name="CON" parent="MarginContainer/DetailsContainer/MarginContainer/VBoxContainer/AbilityDistributor" instance=ExtResource("4_lfq84")]
layout_mode = 2
short_name = "CON"

[node name="INT" parent="MarginContainer/DetailsContainer/MarginContainer/VBoxContainer/AbilityDistributor" instance=ExtResource("4_lfq84")]
layout_mode = 2
short_name = "INT"

[node name="WIS" parent="MarginContainer/DetailsContainer/MarginContainer/VBoxContainer/AbilityDistributor" instance=ExtResource("4_lfq84")]
layout_mode = 2
short_name = "WIS"

[node name="CHA" parent="MarginContainer/DetailsContainer/MarginContainer/VBoxContainer/AbilityDistributor" instance=ExtResource("4_lfq84")]
layout_mode = 2
short_name = "CHA"

[node name="Control" type="Control" parent="MarginContainer/DetailsContainer/MarginContainer/VBoxContainer/AbilityDistributor"]
layout_mode = 2

[node name="STRLessButton" type="TextureButton" parent="MarginContainer/DetailsContainer/MarginContainer/VBoxContainer/AbilityDistributor"]
custom_minimum_size = Vector2(50, 50)
layout_mode = 2
size_flags_horizontal = 3
size_flags_vertical = 3
texture_normal = ExtResource("7_rj7rl")
texture_disabled = ExtResource("12_go44p")
ignore_texture_size = true
stretch_mode = 5

[node name="DEXLessButton" type="TextureButton" parent="MarginContainer/DetailsContainer/MarginContainer/VBoxContainer/AbilityDistributor"]
custom_minimum_size = Vector2(50, 50)
layout_mode = 2
size_flags_horizontal = 3
size_flags_vertical = 3
texture_normal = ExtResource("7_rj7rl")
texture_disabled = ExtResource("12_go44p")
ignore_texture_size = true
stretch_mode = 5

[node name="CONLessButton" type="TextureButton" parent="MarginContainer/DetailsContainer/MarginContainer/VBoxContainer/AbilityDistributor"]
custom_minimum_size = Vector2(50, 50)
layout_mode = 2
size_flags_horizontal = 3
size_flags_vertical = 3
texture_normal = ExtResource("7_rj7rl")
texture_disabled = ExtResource("12_go44p")
ignore_texture_size = true
stretch_mode = 5

[node name="INTLessButton" type="TextureButton" parent="MarginContainer/DetailsContainer/MarginContainer/VBoxContainer/AbilityDistributor"]
custom_minimum_size = Vector2(50, 50)
layout_mode = 2
size_flags_horizontal = 3
size_flags_vertical = 3
texture_normal = ExtResource("7_rj7rl")
texture_disabled = ExtResource("12_go44p")
ignore_texture_size = true
stretch_mode = 5

[node name="WISLessButton" type="TextureButton" parent="MarginContainer/DetailsContainer/MarginContainer/VBoxContainer/AbilityDistributor"]
custom_minimum_size = Vector2(50, 50)
layout_mode = 2
size_flags_horizontal = 3
size_flags_vertical = 3
texture_normal = ExtResource("7_rj7rl")
texture_disabled = ExtResource("12_go44p")
ignore_texture_size = true
stretch_mode = 5

[node name="CHALessButton" type="TextureButton" parent="MarginContainer/DetailsContainer/MarginContainer/VBoxContainer/AbilityDistributor"]
custom_minimum_size = Vector2(50, 50)
layout_mode = 2
size_flags_horizontal = 3
size_flags_vertical = 3
texture_normal = ExtResource("7_rj7rl")
texture_disabled = ExtResource("12_go44p")
ignore_texture_size = true
stretch_mode = 5

[node name="HSeparator3" type="HSeparator" parent="MarginContainer/DetailsContainer/MarginContainer/VBoxContainer"]
layout_mode = 2

[node name="FinalLabel" type="Label" parent="MarginContainer/DetailsContainer/MarginContainer/VBoxContainer"]
layout_mode = 2
text = "With your species bonuses you will have"
horizontal_alignment = 1

[node name="FinalStats" type="HBoxContainer" parent="MarginContainer/DetailsContainer/MarginContainer/VBoxContainer"]
layout_mode = 2
alignment = 1

[node name="STR" parent="MarginContainer/DetailsContainer/MarginContainer/VBoxContainer/FinalStats" instance=ExtResource("4_lfq84")]
layout_mode = 2
size_flags_horizontal = 3
short_name = "STR"

[node name="DEX" parent="MarginContainer/DetailsContainer/MarginContainer/VBoxContainer/FinalStats" instance=ExtResource("4_lfq84")]
layout_mode = 2
size_flags_horizontal = 3
short_name = "DEX"

[node name="CON" parent="MarginContainer/DetailsContainer/MarginContainer/VBoxContainer/FinalStats" instance=ExtResource("4_lfq84")]
layout_mode = 2
size_flags_horizontal = 3
short_name = "CON"

[node name="INT" parent="MarginContainer/DetailsContainer/MarginContainer/VBoxContainer/FinalStats" instance=ExtResource("4_lfq84")]
layout_mode = 2
size_flags_horizontal = 3
short_name = "INT"

[node name="WIS" parent="MarginContainer/DetailsContainer/MarginContainer/VBoxContainer/FinalStats" instance=ExtResource("4_lfq84")]
layout_mode = 2
size_flags_horizontal = 3
short_name = "WIS"

[node name="CHA" parent="MarginContainer/DetailsContainer/MarginContainer/VBoxContainer/FinalStats" instance=ExtResource("4_lfq84")]
layout_mode = 2
size_flags_horizontal = 3
short_name = "CHA"
