[gd_scene load_steps=10 format=3 uid="uid://irhnylpsp8vt"]

[ext_resource type="Script" path="res://scripts/creature/creation/creation_class_details.gd" id="1_skq6q"]
[ext_resource type="Resource" uid="uid://knmplrpf7a2l" path="res://resources/creature/game_classes/Wizard.tres" id="2_7yksb"]
[ext_resource type="PackedScene" uid="uid://cww6itjn4kli0" path="res://scenes/creature/creation/health_dice.tscn" id="3_idswi"]
[ext_resource type="Resource" uid="uid://05xqd1jkw26w" path="res://resources/creature/game_classes/Wizard_LVL_1.tres" id="3_qg47y"]
[ext_resource type="Texture2D" uid="uid://sna8t1x1wywd" path="res://assets/UI/RollModificator/RollAdvantage.png" id="4_2ih5m"]
[ext_resource type="Texture2D" uid="uid://dn1ljd6vfa71d" path="res://assets/UI/GameClass/Wizard.png" id="5_cpac2"]
[ext_resource type="Texture2D" uid="uid://bgph2vp8lje4a" path="res://assets/UI/GameResource/SpellSlotActive.png" id="5_q1mbc"]
[ext_resource type="Texture2D" uid="uid://f544euiebo3f" path="res://assets/UI/Masteries/Type=Rapiere.png" id="6_0jiht"]

[sub_resource type="LabelSettings" id="LabelSettings_mcv4f"]
font_size = 50
font_color = Color(0.231373, 0.133333, 0.176471, 1)

[node name="ClassDetails" type="VBoxContainer"]
anchors_preset = 15
anchor_right = 1.0
anchor_bottom = 1.0
grow_horizontal = 2
grow_vertical = 2
theme_override_constants/separation = 15
script = ExtResource("1_skq6q")
class_design = ExtResource("2_7yksb")
class_levels_design = Array[Resource("res://scripts/creature/game_classes/game_class_level_design.gd")]([ExtResource("3_qg47y")])
NO_CASTING_ABILITY_TEXT = "No Casting Ability"
CASTING_ABILITY_LABEL_TEXT = "Casting Ability"

[node name="Header" type="HBoxContainer" parent="."]
layout_mode = 2

[node name="Portrait" type="TextureRect" parent="Header"]
custom_minimum_size = Vector2(128, 128)
layout_mode = 2
texture = ExtResource("5_cpac2")
expand_mode = 3
stretch_mode = 5

[node name="VBoxContainer" type="VBoxContainer" parent="Header"]
layout_mode = 2
size_flags_horizontal = 3
alignment = 1

[node name="NameLabel" type="Label" parent="Header/VBoxContainer"]
layout_mode = 2
size_flags_horizontal = 3
size_flags_vertical = 1
text = "Wizard"
label_settings = SubResource("LabelSettings_mcv4f")
horizontal_alignment = 1
vertical_alignment = 1

[node name="Tagline" type="Label" parent="Header/VBoxContainer"]
layout_mode = 2
text = "A magicaly trained scollar"
horizontal_alignment = 1

[node name="GeneralCharacteristics" type="GridContainer" parent="."]
layout_mode = 2
columns = 2

[node name="HealthDiceLabel" type="Label" parent="GeneralCharacteristics"]
layout_mode = 2
size_flags_horizontal = 3
text = "Health Dice"
horizontal_alignment = 2

[node name="SubGrid" type="GridContainer" parent="GeneralCharacteristics"]
layout_mode = 2
size_flags_horizontal = 3
theme_override_constants/h_separation = 22
columns = 2

[node name="HealthDice" parent="GeneralCharacteristics/SubGrid" instance=ExtResource("3_idswi")]
custom_minimum_size = Vector2(0, 32)
layout_mode = 2
size_flags_horizontal = 3

[node name="FlowContainer" type="FlowContainer" parent="GeneralCharacteristics/SubGrid"]
layout_mode = 2
size_flags_horizontal = 3

[node name="AdvantagedSaving" type="Label" parent="GeneralCharacteristics"]
layout_mode = 2
size_flags_horizontal = 3
text = "Advantaged Saving throw"
horizontal_alignment = 2

[node name="SubGridAttributes" type="GridContainer" parent="GeneralCharacteristics"]
custom_minimum_size = Vector2(0, 32)
layout_mode = 2
size_flags_horizontal = 3
theme_override_constants/h_separation = 22
columns = 2

[node name="AdvantageAbilityOne" type="Panel" parent="GeneralCharacteristics/SubGridAttributes"]
custom_minimum_size = Vector2(0, 16)
layout_mode = 2
size_flags_horizontal = 3
size_flags_vertical = 3
theme_type_variation = &"BorderlessPanel"

[node name="TextureRect" type="TextureRect" parent="GeneralCharacteristics/SubGridAttributes/AdvantageAbilityOne"]
layout_mode = 1
anchors_preset = -1
anchor_left = -0.241379
anchor_right = 0.310345
anchor_bottom = 1.0
grow_horizontal = 2
grow_vertical = 2
texture = ExtResource("4_2ih5m")
expand_mode = 1
stretch_mode = 5
metadata/_edit_use_anchors_ = true

[node name="AdvantageAbility1Label" type="Label" parent="GeneralCharacteristics/SubGridAttributes/AdvantageAbilityOne"]
layout_mode = 1
anchors_preset = 15
anchor_right = 1.0
anchor_bottom = 1.0
grow_horizontal = 2
grow_vertical = 2
theme_override_constants/line_spacing = -7
theme_override_font_sizes/font_size = 21
text = "INT"
horizontal_alignment = 1
vertical_alignment = 1

[node name="AdvantageAbilityOne2" type="Panel" parent="GeneralCharacteristics/SubGridAttributes"]
custom_minimum_size = Vector2(0, 16)
layout_mode = 2
size_flags_horizontal = 3
theme_type_variation = &"BorderlessPanel"

[node name="TextureRect" type="TextureRect" parent="GeneralCharacteristics/SubGridAttributes/AdvantageAbilityOne2"]
layout_mode = 1
anchors_preset = -1
anchor_left = -0.241379
anchor_right = 0.310345
anchor_bottom = 1.0
grow_horizontal = 2
grow_vertical = 2
texture = ExtResource("4_2ih5m")
expand_mode = 1
stretch_mode = 5
metadata/_edit_use_anchors_ = true

[node name="AdvantageAbility2Label" type="Label" parent="GeneralCharacteristics/SubGridAttributes/AdvantageAbilityOne2"]
layout_mode = 1
anchors_preset = 15
anchor_right = 1.0
anchor_bottom = 1.0
grow_horizontal = 2
grow_vertical = 2
theme_override_constants/line_spacing = -7
theme_override_font_sizes/font_size = 21
text = "WIS"
horizontal_alignment = 1
vertical_alignment = 1

[node name="CastingAbilityLineLabel" type="Label" parent="GeneralCharacteristics"]
layout_mode = 2
size_flags_horizontal = 3
text = "Casting Ability"
horizontal_alignment = 2

[node name="CastingAbilitySubGrid" type="GridContainer" parent="GeneralCharacteristics"]
custom_minimum_size = Vector2(0, 32)
layout_mode = 2
size_flags_horizontal = 3
theme_override_constants/h_separation = 22
columns = 2

[node name="CastingAbility" type="Panel" parent="GeneralCharacteristics/CastingAbilitySubGrid"]
custom_minimum_size = Vector2(0, 16)
layout_mode = 2
size_flags_horizontal = 3
size_flags_vertical = 3
theme_type_variation = &"BorderlessPanel"

[node name="TextureRect" type="TextureRect" parent="GeneralCharacteristics/CastingAbilitySubGrid/CastingAbility"]
layout_mode = 1
anchors_preset = -1
anchor_left = -0.103448
anchor_top = 0.1875
anchor_right = 0.172414
anchor_bottom = 0.75
grow_horizontal = 2
grow_vertical = 2
texture = ExtResource("5_q1mbc")
expand_mode = 1
stretch_mode = 5
metadata/_edit_use_anchors_ = true

[node name="CastingAbilityLabel" type="Label" parent="GeneralCharacteristics/CastingAbilitySubGrid/CastingAbility"]
layout_mode = 1
anchors_preset = 15
anchor_right = 1.0
anchor_bottom = 1.0
grow_horizontal = 2
grow_vertical = 2
theme_override_constants/line_spacing = -7
theme_override_font_sizes/font_size = 21
text = "INT"
horizontal_alignment = 1
vertical_alignment = 1

[node name="FlowContainer" type="FlowContainer" parent="GeneralCharacteristics/CastingAbilitySubGrid"]
layout_mode = 2
size_flags_horizontal = 3

[node name="MasteriesLabel" type="Label" parent="GeneralCharacteristics"]
layout_mode = 2
size_flags_horizontal = 3
text = "Masteries
"
horizontal_alignment = 2

[node name="Masteries" type="HBoxContainer" parent="GeneralCharacteristics"]
custom_minimum_size = Vector2(0, 32)
layout_mode = 2
size_flags_horizontal = 3
size_flags_stretch_ratio = 0.7

[node name="DummyMasteries2" type="TextureRect" parent="GeneralCharacteristics/Masteries"]
layout_mode = 2
size_flags_horizontal = 3
size_flags_vertical = 3
texture = ExtResource("6_0jiht")
expand_mode = 3
stretch_mode = 5

[node name="DummyMasteries3" type="TextureRect" parent="GeneralCharacteristics/Masteries"]
layout_mode = 2
size_flags_horizontal = 3
size_flags_vertical = 3
texture = ExtResource("6_0jiht")
expand_mode = 3
stretch_mode = 5

[node name="DummyMasteries4" type="TextureRect" parent="GeneralCharacteristics/Masteries"]
layout_mode = 2
size_flags_horizontal = 3
size_flags_vertical = 3
texture = ExtResource("6_0jiht")
expand_mode = 3
stretch_mode = 5

[node name="DummyMasteries5" type="TextureRect" parent="GeneralCharacteristics/Masteries"]
layout_mode = 2
size_flags_horizontal = 3
size_flags_vertical = 3
texture = ExtResource("6_0jiht")
expand_mode = 3
stretch_mode = 5

[node name="DummyMasteries6" type="TextureRect" parent="GeneralCharacteristics/Masteries"]
layout_mode = 2
size_flags_horizontal = 3
size_flags_vertical = 3
texture = ExtResource("6_0jiht")
expand_mode = 3
stretch_mode = 5

[node name="HSeparator" type="HSeparator" parent="."]
layout_mode = 2

[node name="Levels" type="VBoxContainer" parent="."]
layout_mode = 2
size_flags_vertical = 3
